<record><leader>00000cas a2200000 a 4500</leader><controlfield tag="001">9353718</controlfield><controlfield tag="007">hd afv---baca</controlfield><controlfield tag="007">hd bfv---baaa</controlfield><controlfield tag="007">hd bfv---baba</controlfield><controlfield tag="008">830328d18481946pauwr nea     0    0eng c</controlfield><datafield ind1=" " ind2=" " tag="010"><subfield code="a">sn 98016117 </subfield></datafield><datafield ind1=" " ind2=" " tag="040"><subfield code="a">KAT</subfield><subfield code="b">eng</subfield><subfield code="c">KAT</subfield><subfield code="d">OCL</subfield><subfield code="d">ATL</subfield><subfield code="d">OCL</subfield><subfield code="d">ATL</subfield><subfield code="d">OCLCQ</subfield><subfield code="d">OCLCF</subfield><subfield code="d">OCLCO</subfield></datafield><datafield ind1="1" ind2=" " tag="029"><subfield code="a">AU@</subfield><subfield code="b">000025928937</subfield></datafield><datafield ind1=" " ind2=" " tag="042"><subfield code="a">pcc</subfield></datafield><datafield ind1="1" ind2="4" tag="050"><subfield code="a">BX7501</subfield></datafield><datafield ind1="0" ind2=" " tag="130"><subfield code="a">Evangelical messenger (New Berlin, Pa.)</subfield></datafield><datafield ind1="1" ind2="0" tag="245"><subfield code="a">Evangelical messenger</subfield><subfield code="h">[microform].</subfield></datafield><datafield ind1=" " ind2=" " tag="260"><subfield code="a">New Berlin, Pa. :</subfield><subfield code="b">Published by Henry Fisher for the Evangelical Association,</subfield><subfield code="c">1848-1946.</subfield></datafield><datafield ind1=" " ind2=" " tag="300"><subfield code="a">99 v. ;</subfield><subfield code="c">29 cm.</subfield></datafield><datafield ind1=" " ind2=" " tag="310"><subfield code="a">Weekly,</subfield><subfield code="b">Oct. 31, 1861-1946</subfield></datafield><datafield ind1=" " ind2=" " tag="321"><subfield code="a">Semimonthly,</subfield><subfield code="b">1848-1851</subfield></datafield><datafield ind1=" " ind2=" " tag="321"><subfield code="a">Biweekly,</subfield><subfield code="b">1852-Oct. 17, 1861</subfield></datafield><datafield ind1="0" ind2=" " tag="362"><subfield code="a">Vol. 1., no. 1 (Jan 8, 1848)-v. 99, no. 52 (Dec. 28, 1946).</subfield></datafield><datafield ind1=" " ind2=" " tag="500"><subfield code="a">Reproduced from the original in the library of the Historical Society of the Evangelical United Brethern Church, Dayton, Ohio.</subfield></datafield><datafield ind1=" " ind2=" " tag="515"><subfield code="a">Vol. 3, no. 1-v. 20, no. 51 also called whole no. 49-654; v. 50, no. 6-v. 90, no. 52 also called whole no. 2139-4213.</subfield></datafield><datafield ind1=" " ind2=" " tag="515"><subfield code="a">Vol. 55 omitted in numbering; 1937 issues called v. 90A.</subfield></datafield><datafield ind1=" " ind2=" " tag="550"><subfield code="a">Published by: Evangelical Association, 1848-1922; by: Evangelical Church, 1922-1946.</subfield></datafield><datafield ind1=" " ind2=" " tag="580"><subfield code="a">Merged with: Religious telescope, to form: Telescope-messenger.</subfield></datafield><datafield ind1=" " ind2=" " tag="580"><subfield code="a">German ed. issued under title: Christliche Botschafter.</subfield></datafield><datafield ind1=" " ind2=" " tag="533"><subfield code="a">Microfilm.</subfield><subfield code="m">v.1-99 (1848-1946):[Lacks:v.14:no. 16;v.81:no. 22:p.23-24:no. 44:p.19-20]</subfield><subfield code="b">Evanston, Ill. :</subfield><subfield code="c">American Theological Library Association,</subfield><subfield code="d">1963.</subfield><subfield code="e">76 microfilm reels ; 35 mm.</subfield><subfield code="f">(ATLA serials preservation program ; ATLA film S0079).</subfield></datafield><datafield ind1="2" ind2="0" tag="610"><subfield code="a">Evangelical Association of North America</subfield><subfield code="v">Newspapers.</subfield></datafield><datafield ind1="2" ind2="0" tag="610"><subfield code="a">Evangelical Church</subfield><subfield code="v">Newspapers.</subfield></datafield><datafield ind1=" " ind2="7" tag="655"><subfield code="a">Newspapers.</subfield><subfield code="2">fast</subfield><subfield code="0">(OCoLC)fst01423814</subfield></datafield><datafield ind1="2" ind2="7" tag="610"><subfield code="a">Evangelical Association of North America.</subfield><subfield code="2">fast</subfield><subfield code="0">(OCoLC)fst00561296</subfield></datafield><datafield ind1="2" ind2="7" tag="610"><subfield code="a">Evangelical Church.</subfield><subfield code="2">fast</subfield><subfield code="0">(OCoLC)fst00541691</subfield></datafield><datafield ind1="2" ind2=" " tag="710"><subfield code="a">Evangelical Association of North America.</subfield></datafield><datafield ind1="2" ind2=" " tag="710"><subfield code="a">Evangelical Church.</subfield></datafield><datafield ind1="1" ind2=" " tag="775"><subfield code="t">Christliche Botschafter</subfield><subfield code="w">(DLC)sn 98016034</subfield><subfield code="w">(OCoLC)20923162</subfield></datafield><datafield ind1="1" ind2=" " tag="776"><subfield code="c">Original</subfield><subfield code="w">(DLC)sn 92056717</subfield><subfield code="w">(OCoLC)25698020</subfield></datafield><datafield ind1="1" ind2="7" tag="785"><subfield code="t">Religious telescope</subfield><subfield code="w">(DLC)sn 99016469</subfield><subfield code="w">(OCoLC)42921396</subfield></datafield><datafield ind1="1" ind2="7" tag="785"><subfield code="t">Telescope-messenger (Harrisburg, Pa.)</subfield><subfield code="w">(DLC)sn 99016184</subfield><subfield code="w">(OCoLC)41658154</subfield></datafield><datafield ind1=" " ind2="0" tag="830"><subfield code="a">ATLA serials preservation program ;</subfield><subfield code="v">ATLA film S0079.</subfield></datafield></record>